@misc{datasetKaggle,
	title={Spotify Tracks Dataset},
	url={https://www.kaggle.com/dsv/4372070},
	DOI={10.34740/KAGGLE/DSV/4372070},
	publisher={Kaggle},
	author={Maharshi Pandya},
	year={2022}
}

@misc{profcv,
    title = {Hyperparameter tuning and risk estimates},
    author = {Nicolò Cesa-Bianchi},
    year = {2023},
    url = {https://cesa-bianchi.di.unimi.it/MSA/Notes/crossVal.pdf}
}

@misc{profrr,
    title = {Linear Predictors},
    author = {Nicolò Cesa-Bianchi},
    year = {2023},
    url = {https://cesa-bianchi.di.unimi.it/MSA/Notes/linear.pdf}
}

@misc{profk,
    title = {Kernel Functions},
    author = {Nicolò Cesa-Bianchi},
    year = {2023},
    url = {https://cesa-bianchi.di.unimi.it/MSA/Notes/kernels.pdf}
}

@ARTICLE{rhks,
    author={Kailath, T.},
    journal={IEEE Transactions on Information Theory}, 
    title={RKHS approach to detection and estimation problems--I: Deterministic signals in Gaussian noise}, 
    year={1971},
    volume={17},
    number={5},
    pages={530-549},
    doi={10.1109/TIT.1971.1054673}
}
